@Comment - butterworth_1930_on_the_theory_of_filter_amplifiers
@Article{Butterworth-1930-DvDrjKha,
  author = {S. Butterworth},
  title = {On the Theory of Filter Amplifiers},
  journal = {Experimental Wireless and the Wireless Engineer},
  year = {1930},
  doi = {},
  volume = {7},
  pages = {536-541}
}

@Comment - catron_2018_effect_of_acoustic_disturbances_on_aero_optical_measurements
@Conference{Catron-2018-DdVp6VZf,
  author = {Brian L. Catron and Mark R. Rennie and Stanislav Gordeyev and Eric J. Jumper},
  title = {Effect of Acoustic Disturbances on Aero-Optical Measurements},
  booktitle = {2018 Plasmadynamics and Lasers Conference},
  doi = {10.2514/6.2018-3903},
  year = {2018}
}

@Comment - catron_2020_filtering_of_acoustic_disturbances_from_aero_optical_measurements
@Conference{Catron-2020-x8njYmmu,
  author = {Brian L. Catron and Mark R. Rennie and Stanislav Gordeyev and Eric J. Jumper},
  title = {Filtering of Acoustic Disturbances from Aero-Optical Measurements},
  booktitle = {AIAA Scitech 2020 Forum},
  doi = {10.2514/6.2020-0683},
  year = {2020}
}

@Comment - delucca_2018_effects_of_engine_acoustic_waves_on_optical_environment_around_turrets_in_flight_on_aaol_t
@Article{DeLucca-2018-gBQdjTmT,
  author = {Nicholas {De Lucca} and Stanislav Gordeyev and Eric J. Jumper and Donald J. Wittich},
  title = {Effects of Engine Acoustic Waves on Optical Environment Around Turrets In-Flight on AAOL-T},
  journal = {Optical Engineering},
  year = {2018},
  doi = {10.1117/1.OE.57.6.064107},
  volume = {57},
  number = {6}
}

@Comment - fitzgerald_2004_the_optical_distortion_mechanism_in_a_nearly_incompressible_free_shear_layer
@Article{Fitzgerald-2004-DgAgbreK,
  author = {E. J. Fitzgerald and E. J. Jumper},
  title = {The Optical Distortion Mechanism in a Nearly Incompressible Free Shear Layer},
  journal = {Journal of Fluid Mechanics},
  year = {2004},
  doi = {10.1017/S0022112004009553},
  volume = {512},
  pages = {153-189}
}

@Comment - gardiner_1980_refractivity_of_combustion_gases
@Article{Gardiner-1980-reW8xrCb,
  author = {W. C. Gardiner Jr. and Y. Hidaka and T.Tanzawa},
  title = {Refractivity of Combustion Gases},
  journal = {Combustion and Flame},
  year = {1980},
  doi = {10.1016/0010-2180(81)90124-3},
  volume = {40},
  pages = {213-219}
}

@Comment - gladstone_1863_researches_on_the_refraction_dispersion_and_sensitiveness_of_liquids
@Article{Gladstone-1863-ND4wtDT9,
  author = {J. H. Gladstone and T. P. Dale},
  title = {Researches on the Refraction, Dispersion, and Sensitiveness of Liquids},
  journal = {Philosophical Transactions of the Royal Society of London},
  year = {1863},
  volume = {153},
  pages = {317-343}
}

@Book{Goodman-1968-zPUmuuzx,
  author = {Joseph W. Goodman},
  title = {Introduction to Fourier Optics},
  publisher = {McGraw-Hill},
  year = {1968}
}

@Comment - gordeyev_2014_experimental_studies_of_aero_optical_properties_of_subsonic_turbulent_boundary_layers
@Article{Gordeyev-2014-jcJndkHM,
  author = {Stanislav Gordeyev and Adam E. Smith and Jacob A. Cress and Eric J. Jumper},
  title = {Experimental Studies of Aero-Optical Properties of Subsonic Turbulent Boundary Layers},
  journal = {Journal of Fluid Mechanics},
  year = {2014},
  doi = {10.1017/jfm.2013.658},
  volume = {740},
  pages = {214-253}
}

@Comment - ND Library Book
@Book{Jacobsen-2013-PHD3v3YZ,
  author = {Finn Jacobsen and Peter M\o ller Juhl},
  title = {Fundamentals of General Linear Acoustics},
  publisher = {John Wiley \& Sons},
  year = {2013}
}

@Comment - jumper_2013_airborne_aero_optics_laboratory
@Article{Jumper-2013-8KtN3pue,
  author = {Eric J. Jumper and Michael A. Zenk and Stanislav Gordeyev and David Cavalieri and Matthew R. Whiteley},
  title = {Airborne Aero-Optics Laboratory},
  journal = {Optical Engineering},
  year = {2013},
  doi = {10.1117/1.OE.52.7.071408},
  volume = {52},
  number = {7}
}

@Comment - liepmann_1952_deflection_and_diffusion_of_a_light_ray_passing_through_a_boundary_layer
@TechReport{Liepmann-1952-89GQ7wyA,
  author = {H. W. Liepmann},
  title = {Deflection and Diffusion of a Light Ray Passing Through a Boundary Layer},
  institution = {Douglas Aircraft Company, Santa Monica Division},
  year = {1952},
  number = {SM-14397},
  month = {May}
}

@Book{Klein-1986-8Vx29RfE,
  author = {Miles V. Klein and Thomas E. Furtak},
  title = {Optics},
  publisher = {John Wiley \& Sons},
  year = {1986},
  edition = {2nd}
}

@Comment - ND Library Book
@Book{Morse-1968-yygEdQZf,
  author = {Philip M. Morse and K. Uno Ingard},
  title = {Theoretical Acoustics},
  publisher = {McGraw-Hill},
  year = {1968}
}

@Book{Munjal-2014-w28y4EyP,
  author = {M. L. Munjal},
  title = {Acoustics of Ducts and Mufflers},
  publisher = {John Wiley \& Sons},
  year = {2014},
  edition = {2nd},
}

@Comment - porter_2013_aero_optic_effects_of_a_wingtip_vortex
@Article{Porter-2013-pQcNWHJ6,
  author = {Chris Porter and Mark Rennie and Eric Jumper},
  title = {Aero-Optic Effects of a Wingtip Vortex},
  journal = {AIAA Journal},
  year = {2013},
  doi = {10.2514/1.J050899},
  volume = {51},
  number = {7},
  pages = {1533-1541}
}

@Comment - rennie_2008_characterization_and_aero_optic_correction_of_a_forced_two_dimensional_weakly_compressible_shear_layer
@Article{Rennie-2008-Wku6NheG,
  author = {R. Mark Rennie and Daniel A. Duffin and Eric J. Jumper},
  title = {Characterization and Aero-Optic Correction of a Forced Two-Dimensional Weakly Compressible Shear Layer},
  journal = {AIAA Journal},
  year = {2008},
  doi = {10.2514/1.35290},
  volume = {46},
  number = {11},
  pages = {2787-2795}
}

@Comment - siegenthaler_2005_shear_layers_and_aperture_effects_for_aero_optics
@Conference{Siegenthaler-2005-KQ2HGmfp,
  author = {John P Siegenthaler and Stanislav Gordeyev and Eric Jumper},
  title = {Shear Layers and Aperture Effects for Aero-Optics},
  booktitle = {36th AIAA Plasmadynamics and Lasers Conference},
  year = {2005},
  doi = {10.2514/6.2005-4772}
}

@Comment - siegenthaler_2008_guidelines_for_adaptive_optic_correction_based_on_aperture_filtration
@PhdThesis{Siegenthaler-2008-9Yutbt6c,
  author = {John Paul Siegenthaler},
  title = {Guidelines for Adaptive-Optic Correction Based on Aperture Filtration},
  school = {University of Notre Dame},
  type = {Doctoral Dissertation},
  year = {2008},
  address = {Notre Dame, IN}
}

@Comment - smith_2013_recent_measurements_of_aero_optical_effects_caused_by_subsonic_boundary_layers
@Article{Smith-2013-VXArwwux,
  author = {Adam E. Smith and Stanislav Gordeyev and Eric J. Jumper},
  title = {Recent Measurements of Aero-Optical Effects Caused by Subsonic Boundary Layers},
  journal = {Optical Engineering},
  year = {2013},
  doi = {10.1117/1.OE.52.7.071404},
  volume = {52},
  number = {7}
}

@Comment - valley_1965_handbook_of_geophysics_and_space_environments
@TechReport{Valley-1965-F3k3cmv6,
  author = {Shea L. Valley},
  title = {Handbook of Geophysiscs and Space Environments},
  institution = {Air Force Cambridge Research Laboratories},
  year = {1965},
  number = {ADA056800},
  month = {April}
}

@Comment - wang_2012_aero_optics_of_subsonic_turbulent_boundary_layers
@Article{Wang-2012-gJ7rttg7,
  author = {Kan Wang and Meng Wang},
  title = {Aero-Optics of Subsonic Turbulent Boundary Layers},
  journal = {Journal of Fluid Mechanics},
  year = {2012},
  doi = {10.1017/jfm.2012.11},
  volume = {696},
  pages = {122-151}
}
