@Comment - ACO-Microphones
@Misc{ACO-Microphones,
  author = {ACO CO.},
  title = {Sound Measurement Microphone},
  howpublished = {\url{https://www.aco-japan.co.jp/pdf/en_microphone.pdf}},
  note = {Product Catalog}
}

@Comment - adrian_1975_on_the_role_of_conditional_averages_in_turbulence_theory
@Conference{Adrian-1975-VenaZyuv,
  author = {Ronald J. Adrian},
  title = {On the Role of Conditional Averages in Turbulence Theory},
  booktitle = {Symposia on Turbulence in Liquids},
  year = {1975}
}

@Article{An-1991-QKg7heKm,
  author = {M. An and I. Gertner and M. Rofheart and R. Tolimieri},
  title = {Discrete Fast fourier Transorm Algorithms: A Tutorial Survey},
  journal = {Advances in Electronics and Electron Physics},
  year = {1991},
  doi = {10.1016/S0065-2539(08)60607-1},
  volume = {80},
  pages = {1-67}
}

@Comment - blackman_tukey_the_measurement_of_power_spectra
@Book{Blackman-1958-4QtKgDb8,
  author = {R. B. Blackman and J. W. Tukey},
  title = {The Measurement of Power Spectra - From the Point of View of Communications Engineering},
  publisher = {Dover},
  year = {1958}
}

@Book{Born-1965-HHGYgjdH,
  author = {M. Born and E. Wolf},
  title = {Principles of Optics},
  publisher = {Pergamon},
  year = {1965}
}

@Book{Braun-2001-qhqBfvYz,
  editor = {S. Braun},
  title = {Encyclopedia of Vibration},
  publisher = {Academic Press},
  year = {2001}
}

@Comment - Bruel-Kjaer-2670
@Misc{Bruel-Kjaer-2670,
  author = {{Br\"uel \& Kj\ae r}},
  title = {2670},
  howpublished = {\url{https://www.bksv.com/-/media/literature/Product-Data/bp1584.ashx}},
  month = {November},
  year = {2018},
  note = {Product Data}
}

@Comment - Bruel-Kjaer-2690
@Misc{Bruel-Kjaer-2690,
  author = {{Br\"uel \& Kj\ae r}},
  title = {The NEXUS Range of Conditioning Amplifiers Types 2690, 2691, 2692 and 2693},
  howpublished = {\url{https://www.bksv.com/-/media/literature/Product-Data/bp1702.ashx}},
  month = {February},
  year = {2015},
  note = {Product Data}
}

@Comment - Bruel-Kjaer-4939
@Misc{Bruel-Kjaer-4939,
  author = {{Br\"uel \& Kj\ae r}},
  title = {4939},
  howpublished = {\url{https://www.bksv.com/-/media/literature/Product-Data/bp1851.ashx}},
  month = {October},
  year = {2021},
  note = {Product Data}
}

@Comment - butterworth_1930_on_the_theory_of_filter_amplifiers
@Article{Butterworth-1930-DvDrjKha,
  author = {S. Butterworth},
  title = {On the Theory of Filter Amplifiers},
  journal = {Experimental Wireless and the Wireless Engineer},
  year = {1930},
  doi = {},
  volume = {7},
  pages = {536-541}
}

@Comment - catron_2018_effect_of_acoustic_disturbances_on_aero_optical_measurements
@Conference{Catron-2018-DdVp6VZf,
  author = {Brian L. Catron and Mark R. Rennie and Stanislav Gordeyev and Eric J. Jumper},
  title = {Effect of Acoustic Disturbances on Aero-Optical Measurements},
  booktitle = {2018 Plasmadynamics and Lasers Conference},
  doi = {10.2514/6.2018-3903},
  year = {2018}
}

@Comment - catron_2020_filtering_of_acoustic_disturbances_from_aero_optical_measurements
@Conference{Catron-2020-x8njYmmu,
  author = {Brian L. Catron and Mark R. Rennie and Stanislav Gordeyev and Eric J. Jumper},
  title = {Filtering of Acoustic Disturbances from Aero-Optical Measurements},
  booktitle = {AIAA Scitech 2020 Forum},
  doi = {10.2514/6.2020-0683},
  year = {2020}
}

@article{Cicchiello-1997-RHxhNMxj,
	author = {James M. Cicchiello and Eric J. Jumper},
  title = {Far-field optical degradation due to near-field transmission through a turbulent heated jet},
	journal = {Applied Optics},
  year = {1997},
  doi = {10.1364/AO.36.006441},
  volume = {36},
	number = {25},
	pages = {6441-6452}
}

@Comment - crs_2021_defense_primer_directed_energy_weapons
@Misc{crs-2021-hyCUE868,
  author = {Congressional Research Service},
  title = {Defense Primer: Directed-Energy Weapons},
  howpublished = {\url{https://crsreports.congress.gov/product/pdf/IF/IF11882}},
  month = {July},
  year = {2021},
  note = {In Focus 11882}
}

@Comment - crs_2021_navy_lasers_railgun_and_gun_launched_guided_projectile_background_and_issues_for_congress
@Misc{crs-2021-Atxb7GDv,
  author = {Congressional Research Service},
  title = {Navy Lasers, Railgun, and Gun-Launched Guided Projectile: Background and Issues for Congress},
  howpublished = {\url{https://crsreports.congress.gov/product/pdf/R/R44175}},
  month = {October},
  year = {2021},
  note = {Report R44175}
}

@Comment - crs_2021_overview_of_department_of_defense_use_of_the_electromagnetic_spectrum
@Misc{crs-2021-RwNjGeZD,
  author = {Congressional Research Service},
  title = {Overview of Department of Defense Use of the Electromagnetic Spectrum},
  howpublished = {\url{https://crsreports.congress.gov/product/pdf/R/R46564}},
  month = {August},
  year = {2021},
  note = {Summary R46564}
}

@Book{Cumpsty-1989-8wEYqb7t,
  author = {N. A. Cumpsty},
  title = {Compressor Aerodynamics},
  publisher = {Krieger Publishing},
  year = {1989}
}

@Misc{DOTE-1999-HnkadUEw,
  author = {Director, Operational Test \& Evaluation},
  title = {FY99 Annual Report - Airborne Laser (ABL)},
  howpublished = {\url{https://www.globalsecurity.org/military/library/budget/fy1999/dot-e/airforce/99abl.html}},
  year = {2000},
  note = {}
}

@Comment - delucca_2014_the_removal_of_tunnel_vibration_induced_corruption_in_aero_optical_measurements
@Conference{DeLucca-2014-RAJvGdv7,
  author = {Nicholas De Lucca and Stanislav Gordeyev and Adam Smith and Eric Jumper and Matthew Whiteley and Tyler Neale},
  title = {The Removal of Tunnel Vibration Induced Corruption in Aero-Optical Measurements},
  booktitle = {45th AIAA Plasmadynamics and Lasers Conference},
  doi = {10.2514/6.2014-2494},
  year = {2014}
}

@Comment - delucca_2018_effects_of_engine_acoustic_waves_on_optical_environment_around_turrets_in_flight_on_aaol_t
@Article{DeLucca-2018-gBQdjTmT,
  author = {Nicholas {De Lucca} and Stanislav Gordeyev and Eric J. Jumper and Donald J. Wittich},
  title = {Effects of Engine Acoustic Waves on Optical Environment Around Turrets In-Flight on AAOL-T},
  journal = {Optical Engineering},
  year = {2018},
  doi = {10.1117/1.OE.57.6.064107},
  volume = {57},
  number = {6}
}

@Comment - fitzgerald_2004_the_optical_distortion_mechanism_in_a_nearly_incompressible_free_shear_layer
@Article{Fitzgerald-2004-DgAgbreK,
  author = {E. J. Fitzgerald and E. J. Jumper},
  title = {The Optical Distortion Mechanism in a Nearly Incompressible Free Shear Layer},
  journal = {Journal of Fluid Mechanics},
  year = {2004},
  doi = {10.1017/S0022112004009553},
  volume = {512},
  pages = {153-189}
}

@Book{Fresnel-1818-FmMCMbDK,
  author = {A. Fresnel},
  title = {Mémoire sur la diffraction de la lumière},
  publisher = {Oeuvres complètes},
  year = {1818},
  note = {Partialy translated by Henry Crew in \textit{The Wave Theory of Light} in 1900.}
}

@Comment - gabard_2008_a_computational_mode_matching_approach_for_sound_propagation_in_three_dimensional_ducts_with_flow
@Article{Gabard-2008-H4mEEeVt,
  author = {G. Gabard and R.J. Astley},
  title = {A Computational Mode-Matching Approach for Sound Propagation in Three-Dimensional Ducts with Flow},
  journal = {Journal of Sound and Vibration},
  year = {2008},
  doi = {10.1016/j.jsv.2008.02.015},
  volume = {315},
  pages = {1103-1124}
}

@Comment - gardiner_1980_refractivity_of_combustion_gases
@Article{Gardiner-1980-reW8xrCb,
  author = {W. C. Gardiner Jr. and Y. Hidaka and T.Tanzawa},
  title = {Refractivity of Combustion Gases},
  journal = {Combustion and Flame},
  year = {1980},
  doi = {10.1016/0010-2180(81)90124-3},
  volume = {40},
  pages = {213-219}
}

@Book{Geary-1995-TQXWWFW2,
  author = {Joseph M. Geary},
  title = {Introduction to Wavefront Sensors},
  publisher = {SPIE Optical Engineering Press},
  year = {1995}
}

@Comment - gladstone_1863_researches_on_the_refraction_dispersion_and_sensitiveness_of_liquids
@Article{Gladstone-1863-ND4wtDT9,
  author = {J. H. Gladstone and T. P. Dale},
  title = {Researches on the Refraction, Dispersion, and Sensitiveness of Liquids},
  journal = {Philosophical Transactions of the Royal Society of London},
  year = {1863},
  volume = {153},
  pages = {317-343}
}

@Book{Goodman-1968-zPUmuuzx,
  author = {Joseph W. Goodman},
  title = {Introduction to Fourier Optics},
  publisher = {McGraw-Hill},
  year = {1968}
}

@Comment - gordeyev_2014_experimental_studies_of_aero_optical_properties_of_subsonic_turbulent_boundary_layers
@Article{Gordeyev-2014-jcJndkHM,
  author = {Stanislav Gordeyev and Adam E. Smith and Jacob A. Cress and Eric J. Jumper},
  title = {Experimental Studies of Aero-Optical Properties of Subsonic Turbulent Boundary Layers},
  journal = {Journal of Fluid Mechanics},
  year = {2014},
  doi = {10.1017/jfm.2013.658},
  volume = {740},
  pages = {214-253}
}

@Article{Gordeyev-2020-6HnfJMnC,
  author = {Stanislav Gordeyev and Matthew Kalensky},
  title = {Effects of Engine Acoustic Waves on Aerooptical Environment in Subsonic Flight},
  journal = {AIAA Journal},
  year = {2020},
  doi = {10.2514/1.J059484},
  volume = {58},
  number = {12},
  pages = {5306-5317}
}

@Article{Greenwood-1977-aWDqUh6C,
  author = {Darryl P. Greenwood},
  title = {Bandwidth specification for adaptive optics systems},
  journal = {Journal of the Optical Society of America},
  year = {1977},
  doi = {10.1364/JOSA.67.000390},
  volume = {67},
  number = {3},
  pages = {390-393}
}

@Book{Hamming-1998-CdhcDuvZ,
  author = {R. W. Hamming},
  title = {Digital Filters},
  publisher = {Dover},
  year = {1998},
  edition = {3rd}
}

@Comment - huang_2015_comparison_of_two_dimensional_integration_methods_for_shape_reconstruction_from_gradient_data
@Article{Huang-2015-W29DqPyp,
  author = {Lei Huang and Mourad Idir and Konstantine Kaznatcheev and Lin Zhou and Anand Asundi},
  title = {Comparison of two-dimensional integration methods for shape reconstruction from gradient data},
  journal = {Optics and Lasers in Engineering},
  year = {2015},
  doi = {10.1016/j.optlaseng.2014.07.002},
  volume = {64}
}

@Book{Huygens-1690-gD8nxCn8,
  author = {Christiaan Huygens},
  title = {Traité de la Lumière},
  publisher = {Van der Aa},
  year = {1690},
  note = {Translated by Silvanus P. Thomson as \textit{Treatise on Light} in 1912}
}

@Comment - ND Library Book
@Book{Jacobsen-2013-PHD3v3YZ,
  author = {Finn Jacobsen and Peter M\o ller Juhl},
  title = {Fundamentals of General Linear Acoustics},
  publisher = {John Wiley \& Sons},
  year = {2013}
}

@Comment - ji_2013_numerical_mode_matching_approach_for_acoustic_attenuation_prediction_of_expansion_chambers_with_single_inlet_and_double_outlets
@Conference{Ji-2013-agaCHhcP,
  author = {Zhenlin Ji and Zhi Fang},
  title = {Numerical Mode-Matching Approach for Acoustic Attenuation Prediction of Expansion Chambers with Single Inlet and Double Outlets},
  booktitle = {Proceedings of Meetings on Acoustics, Vol. 19},
  doi = {10.1121/1.4799442},
  year = {2013}
}

@Comment - jumper_2001_recent_advances_in_aero_optics
@Article{Jumper-2001-6QDh7zDy,
  author = {Eric J. Jumper and Edward J. Fitzgerald},
  title = {Recent Advances in Aero-Optics},
  journal = {Progress in Aerospace Sciences},
  year = {2001},
  doi = {10.1016/S0376-0421(01)00008-2},
  volume = {37},
  number = {3},
  pages = {299-339}
}

@Comment - jumper_2013_airborne_aero_optics_laboratory
@Article{Jumper-2013-8KtN3pue,
  author = {Eric J. Jumper and Michael A. Zenk and Stanislav Gordeyev and David Cavalieri and Matthew R. Whiteley},
  title = {Airborne Aero-Optics Laboratory},
  journal = {Optical Engineering},
  year = {2013},
  doi = {10.1117/1.OE.52.7.071408},
  volume = {52},
  number = {7}
}

@Book{Kammler-2007-ypxvyGCJ,
  author = {David  W.  Kammler},
  title = {A First Course in Fourier Analysis},
  publisher = {Cambridge University Press},
  year = {2007},
  OPTedition = {2nd}
}

@Comment - kyrazis_2013_airborne_laser_laboratory_departure_from_kirtland_air_force_base_and_a_brief_history_of_aero_optics
@Article{Kyrazis-2013-vwKeEBym,
  author = {Demos T. Kyrazis},
  title = {Airborne Laser Laboratory Departure from Kirtland Air Force Base and a Brief History of Aero-Optics},
  journal = {Optical Engineering},
  year = {2013},
  doi = {10.1117/1.OE.52.7.071403},
  volume = {52},
  number = {7}
}

@Book{Klein-1986-8Vx29RfE,
  author = {Miles V. Klein and Thomas E. Furtak},
  title = {Optics},
  publisher = {John Wiley \& Sons},
  year = {1986},
  edition = {2nd}
}

@Comment - liepmann_1952_deflection_and_diffusion_of_a_light_ray_passing_through_a_boundary_layer
@TechReport{Liepmann-1952-89GQ7wyA,
  author = {H. W. Liepmann},
  title = {Deflection and Diffusion of a Light Ray Passing Through a Boundary Layer},
  institution = {Douglas Aircraft Company, Santa Monica Division},
  year = {1952},
  number = {SM-14397},
  month = {May}
}

@Comment - lo_1994_synthetic_approach_to_optimal_filtering
@Article{Lo-1994-W6aWeuaT,
  author = {James Ting-Ho Lo},
  title = {Synthetic Approach to Optimal Filtering},
  journal = {IEEE Transactions on Neural Networks},
  year = {1994},
  doi = {10.1109/72.317731},
  volume = {5},
  number = {5},
  pages = {803-811}
}

@Comment - lynch_2021_aero_optical_measurements_of_a_mach_8_boundary_layer
@Conference{Lynch-2021-DygYkEGU,
  author = {Kyle P. Lynch and Russell Spillers and Nathan E. Miller and Daniel R. Guildenbecher and Stanislav Gordeyev},
  title = {Aero-Optical Measurements of a Mach 8 Boundary Layer},
  booktitle = {AIAA AVIATION 2021 Forum},
  doi = {10.2514/6.2021-2831},
  year = {2021}
}

@Comment - madec_2012_overview_of_deformable_mirror_technologies_for_adaptive_optics_and_astronomy
@Conference{Madec-2012-YJ8eWhPB,
  author = {P.-Y. Madec},
  title = {Overview of deformable mirror technologies for adaptive optics and astronomy},
  booktitle = {SPIE Astronomical Telescopes + Instrumentation},
  doi = {10.1117/12.924892},
  year = {2012}
}

@Comment - mahajan_1982_strehl_ratio_for_primary_aberrations_some_analytical_results_for_circular_and_annular_pupils
@Article{Mahajan-1982-kkXM4eaB,
  author = {Virendra N. Mahajan},
  title = {Strehl ratio for primary aberrations: some analytical results for circular and annular pupils},
  journal = {Journal of the Optical Society of America},
  year = {1982},
  doi = {10.1364/JOSA.72.001258},
  volume = {72},
  number = {9},
  pages = {1258-1266}
}

@Article{Mahajan-1983-hg7ahvJM,
  author = {Virendra N. Mahajan},
  title = {Strehl ratio for primary aberrations in terms of their aberration variance},
  journal = {Journal of the Optical Society of America},
  year = {1983},
  doi = {10.1364/JOSA.73.000860},
  volume = {73},
  number = {6},
  pages = {860-861}
}

@Comment - mcalpine_2006_acoustic_scattering_by_an_axially_segmented_turbofan_inlet_duct_liner_at_supersonic_fan_speeds
@Article{McAlpine-2006-NrCzhW4Z,
  author = {A. McAlpine and R.J. Astley and V.J.T. Hii and N.J. Baker and A.J. Kempton},
  title = {Acoustic Scattering by an Axially-Segmented Turbofan Inlet Duct Liner at Supersonic Fan Speeds},
  journal = {Journal of Sound and Vibration},
  year = {2006},
  doi = {10.1016/j.jsv.2005.12.039},
  volume = {294},
  pages = {780-806}
}

@Comment - mcclellan_1982_multidimensional_spectral_estimation
@Article{McClellan-1982-rGQzuZ7t,
  author = {James H. Mc{C}lellan},
  title = {Multidimensional Spectral Estimation},
  journal = {Proceedings of the IEEE},
  year = {1982},
  doi = {10.1109/PROC.1982.12431},
  volume = {70},
  number = {9},
  pages = {1029-1039}
}

@Book{Miller-2012-2E7ckWtR,
  author = {Scott Miller and Donald Childers},
  title = {Probability and Random Processes},
  publisher = {Academic Press},
  year = {2012},
  OPTedition = {2nd}
}

@Comment - ND Library Book
@Book{Morse-1968-yygEdQZf,
  author = {Philip M. Morse and K. Uno Ingard},
  title = {Theoretical Acoustics},
  publisher = {McGraw-Hill},
  year = {1968}
}

@article{Mosier-Boss-1995-keK3ckUN,
  author = {P. A. Mosier-Boss and S. H. Lieberman and R. Newbery},
  title ={Fluorescence Rejection in Raman Spectroscopy by Shifted-Spectra, Edge Detection, and FFT Filtering Techniques},
  journal = {Applied Spectroscopy},
  volume = {49},
  number = {5},
  pages = {630-638},
  year = {1995},
  doi = {10.1366/0003702953964039}
}

@Book{Munjal-2014-w28y4EyP,
  author = {M. L. Munjal},
  title = {Acoustics of Ducts and Mufflers},
  publisher = {John Wiley \& Sons},
  year = {2014},
  edition = {2nd},
}

@Comment - nightingale_2013_shack_hartmann_wavefront_sensor_image_analysis_a_comparison_of_centroiding_methods_and_image_processing_techniques
@Article{Nightingale-2013-gqr4p7GY,
  author = {Alice M. Nightingale and Stanislav Gordeyev},
  title = {Shack-Hartmann Wavefront Sensor Image Analysis: A Comparison of Centroiding Methods and Image-Processing Techniques},
  journal = {Optical Engineering},
  year = {2013},
  doi = {10.1117/1.OE.52.7.071413},
  volume = {52},
  number = {7}
}

@Comment - noll_1976_zernike_polynomials_and_atmospheric_turbulence
@Article{Noll-1976-HHKzd88f,
  author = {Robert J. Noll},
  title = {Zernike Polynomials and Atmospheric Turbulence},
  journal = {Journal of the Optical Society of America},
  year = {1976},
  doi = {10.1364/JOSA.66.000207},
  volume = {66},
  number = {3},
  pages = {207-211}
}

@Comment - parker_1988_the_use_of_holographic_interferometry_for_turbomachinery_fan_evaluation_during_rotating_tests
@Article{Parker-1988-3wz7hDaa,
  author = {R. J. Parker and D. G. Jones},
  title = {The Use of Holographic Interferometry for Turbomachinery Fan Evaluation During Rotating Tests},
  journal = {Journal of Turbomachinery},
  year = {1988},
  doi = {10.1115/1.3262209},
  volume = {110},
  number = {3},
  pages = {393-400}
}

@Comment - PCB-Piezotronics-103B02-RevC
@Misc{PCB-103B02-C,
  author = {{P{CB} Piezotronics}},
  title = {103{B}02},
  howpublished = {\url{https://www.pcb.com/contentStore/docs/pcb_corporate/pressure/products/specsheets/103b02_c.pdf}},
  month = {October},
  year = {2020},
  note = {Product Specifications - Revision: C}
}

@Comment - PCB-Piezotronics-352C33-RevH
@Misc{PCB-352C33-H,
  author = {{P{CB} Piezotronics}},
  title = {352{C}33},
  howpublished = {\url{https://www.pcb.com/contentStore/docs/pcb_corporate/vibration/products/specsheets/352c33_h.pdf}},
  month = {April},
  year = {2008},
  note = {Product Specifications - Revision: H}
}

@Comment - Peerless-XT25SC90-04-Rev1
@Misc{Peerless-XT25SC90-04-1,
  author = {Peerless},
  title = {X{T}25{SC}90-04},
  howpublished = {\url{https://tymphany-driver-files.s3.us-west-1.amazonaws.com/files/driver/pdfs/XT25SC90-04.Rev1.MP1%20-%20Product%20Sheet.pdf}},
  month = {August},
  year = {2021},
  note = {Product Sheet - Revision: 1}
}

@Comment - porter_2013_aero_optic_effects_of_a_wingtip_vortex
@Article{Porter-2013-pQcNWHJ6,
  author = {Chris Porter and Mark Rennie and Eric Jumper},
  title = {Aero-Optic Effects of a Wingtip Vortex},
  journal = {AIAA Journal},
  year = {2013},
  doi = {10.2514/1.J050899},
  volume = {51},
  number = {7},
  pages = {1533-1541}
}

@Comment - powell_1959_propagation_of_a_pressure_pulse_in_a_compressible_flow
@Article{Powell-1959-W7KVArvn,
  author = {Powell},
  title = {Propagation of a Pressure Pulse in a Compressible Flow},
  journal = {The Journal of the Acoustical Society of America},
  year = {1959},
  doi = {10.1121/1.1907660},
  volume = {31},
  number = {11},
  pages = {1527-1535}
}

@Book{Randall-1951-9NtPPXPq,
  author = {Robert H. Randall},
  title = {An Introduction to Acoustics},
  publisher = {Dover Publications},
  year = {1951}
}

@Comment - rennie_2008_characterization_and_aero_optic_correction_of_a_forced_two_dimensional_weakly_compressible_shear_layer
@Article{Rennie-2008-Wku6NheG,
  author = {R. Mark Rennie and Daniel A. Duffin and Eric J. Jumper},
  title = {Characterization and Aero-Optic Correction of a Forced Two-Dimensional Weakly Compressible Shear Layer},
  journal = {AIAA Journal},
  year = {2008},
  doi = {10.2514/1.35290},
  volume = {46},
  number = {11},
  pages = {2787-2795}
}

@Comment - schmidt_2020_guide_to_spectral_proper_orthogonal_decomposition
@Article{Schmidt-2020-m2emACkX,
  author = {Oliver T. Schmidt and Tim Colonius},
  title = {Guide to Spectral Proper Orthogonal Decomposition},
  journal = {AIAA Journal},
  year = {2020},
  doi = {10.2514/1.J058809},
  volume = {58},
  number = {3},
  pages = {1023-1033}
}

@article{Schulze-2005-QkUeywxD,
  author = {Georg Schulze and Andrew Jirasek and Marcia M. L. Yu and Arnel Lim and Robin F. B. Turner and Michael W. Blades},
  title ={Investigation of Selected Baseline Removal Techniques as Candidates for Automated Implementation},
  journal = {Applied Spectroscopy},
  volume = {59},
  number = {5},
  pages = {545-574},
  year = {2005},
  doi = {10.1366/0003702053945985}
}

@Comment - schulze_2012_a_small_window_moving_average_based_fully_automated_baseline_estimation_method_for_raman_spectra
@Article{Schulze-2012-GmyAqzC7,
  author = {H. Georg Schulze and Rod B. Foist and Kadek Okuda and André Ivanov and Robin F. B. Turner},
  title = {A Small-Window Moving Average-Based Fully Automated Baseline Estimation Method for Raman Spectra},
  journal = {Applied Spectroscopy},
  year = {2012},
  doi = {10.1366/11-06550},
  volume = {66},
  number = {7},
  pages = {757-764}
}

@Comment - siegenthaler_2005_shear_layers_and_aperture_effects_for_aero_optics
@Conference{Siegenthaler-2005-KQ2HGmfp,
  author = {John P Siegenthaler and Stanislav Gordeyev and Eric Jumper},
  title = {Shear Layers and Aperture Effects for Aero-Optics},
  booktitle = {36th AIAA Plasmadynamics and Lasers Conference},
  year = {2005},
  doi = {10.2514/6.2005-4772}
}

@Comment - siegenthaler_2008_guidelines_for_adaptive_optic_correction_based_on_aperture_filtration
@PhdThesis{Siegenthaler-2008-9Yutbt6c,
  author = {John Paul Siegenthaler},
  title = {Guidelines for Adaptive-Optic Correction Based on Aperture Filtration},
  school = {University of Notre Dame},
  type = {Doctoral Dissertation},
  year = {2008},
  address = {Notre Dame, IN}
}

@Comment - smith_2013_recent_measurements_of_aero_optical_effects_caused_by_subsonic_boundary_layers
@Article{Smith-2013-VXArwwux,
  author = {Adam E. Smith and Stanislav Gordeyev and Eric J. Jumper},
  title = {Recent Measurements of Aero-Optical Effects Caused by Subsonic Boundary Layers},
  journal = {Optical Engineering},
  year = {2013},
  doi = {10.1117/1.OE.52.7.071404},
  volume = {52},
  number = {7}
}

@Book{Sommerfeld-1954-ep2AWrFF,
  author = {Arnold Sommerfeld},
  title = {Optics, Lectures on Theoretical Physics},
  publisher = {Academic Press},
  year = {1954},
  volume = {4}
}

@Comment - southwell_1980_KqUZMXRB_Wave_front_estimation_from_wave_front_slope_measurements
@Article{Southwell-1980-KqUZMXRB,
  author = {W.H. Southwell},
  title = {Wave-front estimation from wave-front slope measurements},
  journal = {Journal of the Optical Society of America},
  year = {1980},
  doi = {10.1364/JOSA.70.000998},
  volume = {70},
  number = {8},
  pages = {998-1006}
}

@Comment - stine_1956_light_diffusion_through_high_speed_turbulent_boundary_layers
@TechReport{Stine-1956-UaRzVZCe,
  author = {Howard A. Stine and Warren Winovich},
  title = {Light Diffusion Through High-Speed Turbulent Boundary Layers},
  institution = {National Advisory Committee For Aeronautics},
  year = {1956},
  number = {RM A56B21},
  month = {May}
}

@Conference{Sutcliff-2013-PMZyfvn7,
  author = {Peter Sutcliffe and Alexander Vorobiev and Mark R. Rennie and Alan B. Cain},
  title = {Control of Wind Tunnel Test Temperature Using a Mathematical Model},
  booktitle = {AIAA Ground Testing Conference},
  doi = {10.2514/6.2013-2491},
  year = {2013}
}

@Comment - valley_1965_handbook_of_geophysics_and_space_environments
@TechReport{Valley-1965-F3k3cmv6,
  author = {Shea L. Valley},
  title = {Handbook of Geophysiscs and Space Environments},
  institution = {Air Force Cambridge Research Laboratories},
  year = {1965},
  number = {ADA056800},
  month = {April}
}

@Comment - wang_2012_aero_optics_of_subsonic_turbulent_boundary_layers
@Article{Wang-2012-gJ7rttg7,
  author = {Kan Wang and Meng Wang},
  title = {Aero-Optics of Subsonic Turbulent Boundary Layers},
  journal = {Journal of Fluid Mechanics},
  year = {2012},
  doi = {10.1017/jfm.2012.11},
  volume = {696},
  pages = {122-151}
}

@Comment - wang_2012_physics_and_computation_of_aero_optics
@Article{Wang-2012-TuETpvVG,
  author = {Meng Wang and Ali Mani and Stanislav Gordeyev},
  title = {Physics and Computation of Aero-Optics},
  journal = {Annual Review of Fluid Mechanics},
  year = {2012},
  doi = {10.1146/annurev-fluid-120710-101152},
  volume = {44},
  pages = {299-321}
}

@Comment - whitely_2007_adaptive_laser_compensation_for_aero_optics_and_atmospheric_disturbances
@Conference{Whiteley-2007-bHbWRWUu,
  author = {Matthew R. Whiteley and . S. Gibson},
  title = {Adaptive Laser Compensation for Aero-Optics and Atmospheric Disturbances},
  booktitle = {38th Plasmadynamics and Lasers Conference},
  year = {2007},
  doi = {10.2514/6.2007-4012}
}

@Comment - wilson_2019_propagation_of_acoustic_perturbations_in_non_uniform_ducts_with_non_uniform_mean flow_using_eigen_analysis_in_general_curvilinear_coordinate_systems
@Article{Wilson-2019-VV2zh7Au,
  author = {Alexander G. Wilson},
  title = {Propagation of Acoustic Perturbations in Non-Uniform Ducts with Non-Uniform Mean Flow using Eigen Analysis in General Curvilinear Coordinate Systems},
  journal = {Journal of Sound and Vibration},
  year = {2019},
  doi = {10.1016/j.jsv.2018.11.023},
  volume = {443},
  pages = {605-636}
}

@article{Zhao-2007-HAc6j8Wb,
  author = {Jianhua Zhao and Harvey Lui and David I. McLean and Haishan Zeng},
  title ={Automated Autofluorescence Background Subtraction Algorithm for Biomedical Raman Spectroscopy},
  journal = {Applied Spectroscopy},
  volume = {61},
  number = {11},
  pages = {1225-1232},
  year = {2007},
  doi = {10.1366/000370207782597003}
}

@Misc{Shack-Hartman-Diagram-Wikipedia,
  author = {2pem},
  title = {A Schematic Illustration of a SHWFS},
  howpublished = {\url{https://commons.wikimedia.org/wiki/File:Shack_Hartmann_WFS_lensletarray.svg}},
  OPTyear = {2011}
}
